@article{cantor2010driver,
  title={A driver focused truck crash prediction model},
  author={Cantor, David E and Corsi, Thomas M and Grimm, Curtis M and {\"O}zpolat, Koray},
  journal={Transportation Research Part E: Logistics and Transportation Review},
  volume={46},
  number={5},
  pages={683--692},
  year={2010},
  publisher={Elsevier}
}

@article{stern2018data,
  title={Data and methods for studying commercial motor vehicle driver fatigue, highway safety and long-term driver health},
  author={Stern, Hal S and Blower, Daniel and Cohen, Michael L and Czeisler, Charles A and Dinges, David F and Greenhouse, Joel B and Guo, Feng and Hanowski, Richard J and Hartenbaum, Natalie P and Krueger, Gerald P and others},
  journal={Accident Analysis \& Prevention},
  year={2018},
  publisher={Elsevier}
}

@article{roshandel2015impact,
	title={Impact of real-time traffic characteristics on freeway crash occurrence: Systematic review and meta-analysis},
	author={Roshandel, Saman and Zheng, Zuduo and Washington, Simon},
	journal={Accident Analysis \& Prevention},
	volume={79},
	pages={198--211},
	year={2015},
	publisher={Elsevier}
}