@book{world2018global,
  title={Global status report on road safety 2018},
  author={{The WHO}},
  year={2018},
  publisher={World Health Organization}
}

@misc{who2018,
  author = {{The WHO}},
  title = {The top 10 causes of death},
  year = 2018,
  howpublished ="\url{http://www.who.int/news-room/fact-sheets/detail/the-top-10-causes-of-death}",
  note = "[Online; accessed 20-February-2019]"
}

@article{gelman1992inference,
  title={Inference from iterative simulation using multiple sequences},
  author={Gelman, Andrew and Rubin, Donald B and others},
  journal={{Statistical Science}},
  volume={7},
  number={4},
  pages={457--472},
  year={1992},
  publisher={Institute of Mathematical Statistics}
}

@inproceedings{eenink2014udrive,
  title={UDRIVE: the European naturalistic driving study},
  author={Eenink, Rob and Barnard, Yvonne and Baumann, Martin and Augros, Xavier and Utesch, Fabian},
  booktitle={Proceedings of Transport Research Arena},
  year={2014},
  organization={{French Institute of Science and Technology for Transport, Development and Networks (IFSTTAR)}}
}

@article{staton2016road,
  title={Road traffic injury prevention initiatives: a systematic review and metasummary of effectiveness in low and middle income countries},
  author={Staton, Catherine and Vissoci, Joao and Gong, Enying and Toomey, Nicole and Wafula, Rebeccah and Abdelgadir, Jihad and Zhou, Yi and Liu, Chen and Pei, Fengdi and Zick, Brittany and others},
  journal={PLoS One},
  volume={11},
  number={1},
  pages={e0144971},
  year={2016},
  publisher={Public Library of Science}
}


@Manual{Rcoreteam,
    title = {R: A Language and Environment for Statistical Computing},
    author = {{R Core Team}},
    organization = {R Foundation for Statistical Computing},
    address = {Vienna, Austria},
    year = {2019},
    url = {https://www.R-project.org/},
  }

@book{wood2017generalized,
  title={Generalized additive models: an introduction with R},
  author={Wood, Simon N},
  year={2017},
  publisher={Chapman and Hall/CRC}
}


@article{zheng2018commercial,
  title={Commercial truck crash injury severity analysis using gradient boosting data mining model},
  author={Zheng, Zijian and Lu, Pan and Lantz, Brenda},
  journal={{Journal of Safety Research}},
  volume={65},
  pages={115--124},
  year={2018},
  publisher={Elsevier}
}


@misc{fmcsareport2018,
	author={{FMCSA}},
	title ={{Large Truck and Bus Crash Facts 2016}},
	howpublished ="\url{https://www.fmcsa.dot.gov/sites/fmcsa.dot.gov/files/docs/safety/data-and-statistics/398686/ltbcf-2016-final-508c-may-2018.pdf}",
	year ="2018",
	note = "[Online; accessed 20-February-2019]"
}


@misc{fmcsafacts2016,
	author={{FMCSA}},
	title ={{Fatal occupational injuries by event, 2016}},
	howpublished ="\url{https://www.fmcsa.dot.gov/sites/fmcsa.dot.gov/files/docs/safety/data-and-statistics/84856/cmvtrafficsafetyfactsheet2016-2017.pdf}",
	year ="2016",
	note = "[Online; accessed 20-February-2019]"
}

@article{hanowski2005driver,
  title={Driver distraction in long-haul truck drivers},
  author={Hanowski, Richard J and Perez, Miguel A and Dingus, Thomas A},
  journal={Transportation Research Part F: Traffic Psychology and Behaviour},
  volume={8},
  number={6},
  pages={441--458},
  year={2005},
  publisher={Elsevier}
}

@article{chen2014impacts,
  title={The impacts of multiple rest-break periods on commercial truck driver's crash risk},
  author={Chen, Chen and Xie, Yuanchang},
  journal={{Journal of Safety Research}},
  volume={48},
  pages={87--93},
  year={2014},
  publisher={Elsevier}
}

@article{chen2016influence,
  title={The influence of daily sleep patterns of commercial truck drivers on driving performance},
  author={Chen, Guang Xiang and Fang, Youjia and Guo, Feng and Hanowski, Richard J},
  journal={{Accident Analysis \& Prevention}},
  volume={91},
  pages={55--63},
  year={2016},
  publisher={Elsevier}
}

@article{wang2013effect,
  title={The effect of traffic and road characteristics on road safety: A review and future research direction},
  author={Wang, Chao and Quddus, Mohammed A and Ison, Stephen G},
  journal={{Safety Science}},
  volume={57},
  pages={264--275},
  year={2013},
  publisher={Elsevier}
}

@article{savolainen2011statistical,
  title={The statistical analysis of highway crash-injury severities: a review and assessment of methodological alternatives},
  author={Savolainen, Peter T and Mannering, Fred L and Lord, Dominique and Quddus, Mohammed A},
  journal={Accident Analysis \& Prevention},
  volume={43},
  number={5},
  pages={1666--1676},
  year={2011},
  publisher={Elsevier}
}

@article{lord2010statistical,
  title={The statistical analysis of crash-frequency data: a review and assessment of methodological alternatives},
  author={Lord, Dominique and Mannering, Fred},
  journal={{Transportation Research Part A: Policy and Practice}},
  volume={44},
  number={5},
  pages={291--305},
  year={2010},
  publisher={Elsevier}
}

@article{roshandel2015impact,
  title={Impact of real-time traffic characteristics on freeway crash occurrence: Systematic review and meta-analysis},
  author={Roshandel, Saman and Zheng, Zuduo and Washington, Simon},
  journal={Accident Analysis \& Prevention},
  volume={79},
  pages={198--211},
  year={2015},
  publisher={Elsevier}
}

@article{dong2017estimating,
  title={Estimating factors contributing to frequency and severity of large truck--involved crashes},
  author={Dong, Chunjiao and Dong, Qiao and Huang, Baoshan and Hu, Wei and Nambisan, Shashi S},
  journal={Journal of Transportation Engineering, Part A: Systems},
  volume={143},
  number={8},
  pages={04017032},
  year={2017},
  publisher={American Society of Civil Engineers}
}

@article{liu2018predicting,
  title={Predicting interstate motor carrier crash rate level using classification models},
  author={Liu, Jundi and Boyle, Linda N and Banerjee, Ashis G},
  journal={Accident Analysis \& Prevention},
  volume={120},
  pages={211--218},
  year={2018},
  publisher={Elsevier}
}

@article{theofilatos2016predicting,
  title={Predicting road accidents: a rare-events modeling approach},
  author={Theofilatos, Athanasios and Yannis, George and Kopelias, Pantelis and Papadimitriou, Fanis},
  journal={Transportation research procedia},
  volume={14},
  pages={3399--3405},
  year={2016},
  publisher={Elsevier}
}

@article{dong2015assessment,
  title={Assessment of the effects of highway geometric design features on the frequency of truck involved crashes using bivariate regression},
  author={Dong, Chunjiao and Nambisan, Shashi S and Richards, Stephen H and Ma, Zhuanglin},
  journal={{Transportation Research Part A: Policy and Practice}},
  volume={75},
  pages={30--41},
  year={2015},
  publisher={Elsevier}
}

@article{meuleners2017determinants,
  title={Determinants of the occupational environment and heavy vehicle crashes in Western Australia: A case--control study},
  author={Meuleners, Lynn and Fraser, Michelle L and Govorko, Matthew H and Stevenson, Mark R},
  journal={Accident Analysis \& Prevention},
  volume={99},
  pages={452--458},
  year={2017},
  publisher={Elsevier}
}

@article{sharwood2013use,
  title={Use of caffeinated substances and risk of crashes in long distance drivers of commercial vehicles: case-control study},
  author={Sharwood, Lisa N and Elkington, Jane and Meuleners, Lynn and Ivers, Rebecca and Boufous, Soufiane and Stevenson, Mark},
  journal={Bmj},
  volume={346},
  pages={f1140},
  year={2013},
  publisher={British Medical Journal Publishing Group}
}

@article{stevenson2010heavy,
  title={The Heavy Vehicle Study: a case-control study investigating risk factors for crash in long distance heavy vehicle drivers in Australia},
  author={Stevenson, Mark and Sharwood, Lisa N and Wong, Keith and Elkington, Jane and Meuleners, Lynn and Ivers, Rebecca Q and Grunstein, Ron R and Williamson, Ann and Haworth, Narelle and Norton, Robyn},
  journal={BMC public health},
  volume={10},
  number={1},
  pages={162},
  year={2010},
  publisher={BioMed Central}
}

@techreport{blanco2016investigating,
  title={Investigating critical incidents, driver restart period, sleep quantity, and crash countermeasures in commercial vehicle operations using naturalistic data collection},
  author={Blanco, Myra and Hickman, Jeffrey S and Olson, Rebecca L and Bocanegra, Joseph L and Greening, Mike and Madison, Phillip and Holbrook, G Thomas and Hanowski, Richard J and Nakata, Akiko and Bowman, Darrell S and others},
  year={2016},
  institution={United States. Federal Motor Carrier Safety Administration}
}

@article{neale2005overview,
  title={An overview of the 100-car naturalistic study and findings},
  author={Neale, Vicki L and Dingus, Thomas A and Klauer, Sheila G and Sudweeks, Jeremy and Goodman, Michael},
  journal={National Highway Traffic Safety Administration, Paper},
  volume={5},
  pages={0400},
  year={2005}
}

@article{stern2019data,
  title={Data and methods for studying commercial motor vehicle driver fatigue, highway safety and long-term driver health},
  author={Stern, Hal S and Blower, Daniel and Cohen, Michael L and Czeisler, Charles A and Dinges, David F and Greenhouse, Joel B and Guo, Feng and Hanowski, Richard J and Hartenbaum, Natalie P and Krueger, Gerald P and others},
  journal={Accident Analysis \& Prevention},
  volume={126},
  pages={37--42},
  year={2019},
  publisher={Elsevier}
}

@misc{fmcsareport2017,
	author={{Federal Motor Carrier Safety Administration}},
	title ={{Large Truck and Bus Crash Facts 2017}},
	howpublished ="\url{https://www.fmcsa.dot.gov/safety/data-and-statistics/large-truck-and-bus-crash-facts-2017}",
	year ="2018",
	note = "[Online; accessed 20-June-2019]"
}

@article{theofilatos2018impact,
  title={Impact of real-time traffic characteristics on crash occurrence: Preliminary results of the case of rare events},
  author={Theofilatos, Athanasios and Yannis, George and Kopelias, Pantelis and Papadimitriou, Fanis},
  journal={Accident Analysis \& Prevention},
  year={2018},
  publisher={Elsevier}
}

@article{guo2010near,
  title={Near crashes as crash surrogate for naturalistic driving studies},
  author={Guo, Feng and Klauer, Sheila G and Hankey, Jonathan M and Dingus, Thomas A},
  journal={Transportation Research Record},
  volume={2147},
  number={1},
  pages={66--74},
  year={2010},
  publisher={SAGE Publications Sage CA: Los Angeles, CA}
}

@article{dingus2011estimating,
  title={Estimating crash risk},
  author={Dingus, Thomas A and Hanowski, Richard J and Klauer, Sheila G},
  journal={Ergonomics in Design},
  volume={19},
  number={4},
  pages={8--12},
  year={2011},
  publisher={SAGE Publications Sage CA: Los Angeles, CA}
}

@article{guo2013individual,
  title={Individual driver risk assessment using naturalistic driving data},
  author={Guo, Feng and Fang, Youjia},
  journal={Accident Analysis \& Prevention},
  volume={61},
  pages={3--9},
  year={2013},
  publisher={Elsevier}
}

@techreport{dingus2006100,
  title={The 100-Car Naturalistic Driving Study. Phase 2: Results of the 100-Car Field Experiment},
  author={Dingus, Thomas A and Klauer, Sheila G and Neale, Vicki Lewis and Petersen, Andy and Lee, Suzanne E and Sudweeks, Jeremy and Perez, Miguel A and Hankey, Jonathan and Ramsey, David and Gupta, Santosh and others},
  year={2006},
  institution={United States. Department of Transportation. National Highway Traffic Safety}
}

@techreport{starnes2006large,
  title={Large-truck crash causation study: An initial overview},
  author={Starnes, Marc},
  year={2006}
}

@article{saleh2013accident,
  title={Accident precursors, near misses, and warning signs: critical review and formal definitions within the framework of Discrete Event Systems},
  author={Saleh, Joseph H and Saltmarsh, Elizabeth A and Favaro, Francesca M and Brevault, Loic},
  journal={Reliability Engineering \& System Safety},
  volume={114},
  pages={148--154},
  year={2013},
  publisher={Elsevier}
}

@article{guo2019statistical,
  title={Statistical methods for naturalistic driving studies},
  author={Guo, Feng},
  journal={{Annual Review of Statistics and Its Application}},
  volume={6},
  pages={309--328},
  year={2019},
  publisher={Annual Reviews}
}

@misc{heinrich1980dustrial,
  title={In dustrial accident prevention: a safety management approach},
  author={Heinrich, HW and Petersen, D and Roos, N},
  year={1980},
  publisher={New York, NY, USA: McGraw-Hill}
}

@article{hickman2018synthetic,
  title={A synthetic approach to compare the large truck crash causation study and naturalistic driving data},
  author={Hickman, Jeffrey S and Hanowski, Richard J and Bocanegra, Joseph},
  journal={Accident Analysis \& Prevention},
  volume={112},
  pages={11--14},
  year={2018},
  publisher={Elsevier}
}

@article{knipling2015naturalistic,
  title={Naturalistic driving events: No harm, no foul, no validity},
  author={Knipling, Ronald R},
  year={2015},
  publisher={University of Iowa}
}

@article{knipling2017threats,
  title={Threats to Scientific Validity in Truck Driver Hours-of-Service Studies},
  author={Knipling, Ronald R},
  year={2017},
  publisher={University of Iowa}
}

@article{johnson2010long,
  title={Long-Distance Truck Drivers Discuss Their Occupation.},
  author={Johnson, James C and Bristow, Dennis N and McClure, Diane J and Schneider, Kenneth C},
  journal={Journal of Transportation Law, Logistics \& Policy},
  volume={77},
  number={1},
  year={2010}
}

@techreport{zaloshnja2007unit,
  title={Unit costs of medium and heavy trucks},
  author={Zaloshnja, E and Miller, TA},
  year={2007},
  institution={Report No. FMCSA-RRA-07-034). Washington, DC: Federal Motor Carrier Safety}
}

@article{gordon2011analysis,
  title={Analysis of crash rates and surrogate events: unified approach},
  author={Gordon, Tim J and Kostyniuk, Lidia P and Green, Paul E and Barnes, Michelle A and Blower, Daniel and Blankespoor, Adam D and Bogard, Scott E},
  journal={Transportation research record},
  volume={2237},
  number={1},
  pages={1--9},
  year={2011},
  publisher={SAGE Publications Sage CA: Los Angeles, CA}
}

@article{wu2012crashes,
  title={Crashes and crash-surrogate events: Exploratory modeling with naturalistic driving data},
  author={Wu, Kun-Feng and Jovanis, Paul P},
  journal={Accident Analysis \& Prevention},
  volume={45},
  pages={507--516},
  year={2012},
  publisher={Elsevier}
}

@article{wu2013defining,
  title={Defining and screening crash surrogate events using naturalistic driving data},
  author={Wu, Kun-Feng and Jovanis, Paul P},
  journal={Accident Analysis \& Prevention},
  volume={61},
  pages={10--22},
  year={2013},
  publisher={Elsevier}
}

@article{wu2014using,
  title={Using naturalistic driving data to explore the association between traffic safety-related events and crash risk at driver level},
  author={Wu, Kun-Feng and Aguero-Valverde, Jonathan and Jovanis, Paul P},
  journal={Accident Analysis \& Prevention},
  volume={72},
  pages={210--218},
  year={2014},
  publisher={Elsevier}
}

@article{pande2017preliminary,
  title={A preliminary investigation of the relationships between historical crash and naturalistic driving},
  author={Pande, Anurag and Chand, Sai and Saxena, Neeraj and Dixit, Vinayak and Loy, James and Wolshon, Brian and Kent, Joshua D},
  journal={Accident Analysis \& Prevention},
  volume={101},
  pages={107--116},
  year={2017},
  publisher={Elsevier}
}

@article{gitelman2018exploring,
  title={Exploring relationships between driving events identified by in-vehicle data recorders, infrastructure characteristics and road crashes},
  author={Gitelman, Victoria and Bekhor, Shlomo and Doveh, Etti and Pesahov, Fany and Carmel, Roby and Morik, Smadar},
  journal={{Transportation Research Part C: Emerging Technologies}},
  volume={91},
  pages={156--175},
  year={2018},
  publisher={Elsevier}
}

@article{hyden1987development,
  title={The development of a method for traffic safety evaluation: The Swedish Traffic Conflicts Technique},
  author={Hyd{\'e}n, Christer},
  journal={Bulletin Lund Institute of Technology, Department},
  number={70},
  year={1987}
}

@article{risser1985behavior,
  title={Behavior in traffic conflict situations},
  author={Risser, Ralf},
  journal={Accident Analysis \& Prevention},
  volume={17},
  number={2},
  pages={179--197},
  year={1985},
  publisher={Elsevier}
}

@incollection{cooper1984experience,
  title={Experience with traffic conflicts in Canada with emphasis on “post encroachment time” techniques},
  author={Cooper, PJ},
  booktitle={International calibration study of traffic conflict techniques},
  pages={75--96},
  year={1984},
  publisher={Springer}
}

@article{evans1982accident,
  title={Do accident-involved drivers exhibit riskier everyday driving behavior?},
  author={Evans, Leonard and Wasielewski, Paul},
  journal={Accident Analysis \& Prevention},
  volume={14},
  number={1},
  pages={57--64},
  year={1982},
  publisher={Elsevier}
}

@article{evans1983risky,
  title={Risky driving related to driver and vehicle characteristics},
  author={Evans, Leonard and Wasielewski, Paul},
  journal={Accident Analysis \& Prevention},
  volume={15},
  number={2},
  pages={121--136},
  year={1983},
  publisher={Elsevier}
}

@article{simons2012elevated,
  title={Do elevated gravitational-force events while driving predict crashes and near crashes?},
  author={Simons-Morton, Bruce G and Zhang, Zhiwei and Jackson, John C and Albert, Paul S},
  journal={{American Journal of Epidemiology}},
  volume={175},
  number={10},
  pages={1075--1079},
  year={2012},
  publisher={Oxford University Press}
}

@techreport{blanco2011impact,
  title={The Impact of Driving, Non-driving Work, and Rest Breaks on Driving Performance in Commercial Vehicle Operations},
  author={Blanco, Myra and Hanowski, Richard J and Olson, Rebecca Lynn and Morgan, Justin F and Soccolich, Susan A and Wu, Shih-Ching and others},
  year={2011},
  howpublished ="\url{http://ntl.bts.gov/lib/51000/51300/51387/Work-Hours-HOS.pdf}",
  institution= {{(DOT-HS-810594). Washington, DC: United States. Federal Motor Carrier Safety Administration}}
}

@techreport{hanowski2008analysis,
  title={Analysis of risk as a function of driving-hour: assessment of driving-hours 1 through 11},
  author={Hanowski, Richard Joseph and Olson, RL and Bocanegra, J and Hickman, Jeffrey S},
  year={2008},
  institution={US Department. of Transportation, Federal Motor Carrier Safety Administration}
}

@article{cameron1990regression,
  title={Regression-based tests for overdispersion in the Poisson model},
  author={Cameron, A Colin and Trivedi, Pravin K},
  journal={Journal of econometrics},
  volume={46},
  number={3},
  pages={347--364},
  year={1990},
  publisher={Elsevier}
}

@article{lord2010statistical,
  title={The statistical analysis of crash-frequency data: a review and assessment of methodological alternatives},
  author={Lord, Dominique and Mannering, Fred},
  journal={{Transportation Research Part A: Policy and Practice}},
  volume={44},
  number={5},
  pages={291--305},
  year={2010},
  publisher={Elsevier}
}

@Book{aerbook,
    title = {Applied Econometrics with {R}},
    author = {Christian Kleiber and Achim Zeileis},
    year = {2008},
    publisher = {Springer-Verlag},
    address = {New York},
    note = {{ISBN} 978-0-387-77316-2},
    url = {https://CRAN.R-project.org/package=AER},
  }

@book{wood2017generalized,
  title={Generalized additive models: an introduction with R},
  author={Wood, Simon N},
  year={2017},
  publisher={Chapman and Hall/CRC}
}

@article{miller2019bayesian,
  title={Bayesian views of generalized additive modelling},
  author={Miller, David L},
  journal={arXiv preprint arXiv:1902.01330},
  year={2019}
}

@article{vehtari2017practical,
  title={Practical Bayesian model evaluation using leave-one-out cross-validation and WAIC},
  author={Vehtari, Aki and Gelman, Andrew and Gabry, Jonah},
  journal={Statistics and computing},
  volume={27},
  number={5},
  pages={1413--1432},
  year={2017},
  publisher={Springer}
}

@article{vehtari2015pareto,
  title={Pareto smoothed importance sampling},
  author={Vehtari, Aki and Gelman, Andrew and Gabry, Jonah},
  journal={arXiv preprint arXiv:1507.02646},
  year={2015}
}

@book{gelman2013bayesian,
  title={Bayesian Data Analysis},
  author={Gelman, Andrew and Carlin, John B and Stern, Hal S and Dunson, David B and Vehtari, Aki and Rubin, Donald B},
  year={2013},
  publisher={Chapman and Hall/CRC}
}

@article{sinnott1984virtues,
  title={Virtues of the Haversine. Sky and Telescope},
  author={Sinnott, R},
  year={1984},
  publisher={vol}
}

@Manual{geospherepackage,
    title = {geosphere: Spherical Trigonometry},
    author = {Robert J. Hijmans},
    year = {2019},
    note = {R package version 1.5-10},
    url = {https://CRAN.R-project.org/package=geosphere},
  }

@Misc{rstanarmpackage,
    title = {rstanarm: {Bayesian} applied regression modeling via {Stan}.},
    author = {Ben Goodrich and Jonah Gabry and Imad Ali and Sam Brilleman},
    note = {R package version 2.17.4},
    year = {2018},
    url = {http://mc-stan.org/},
  }

@Misc{loopackage,
    title = {loo: Efficient leave-one-out cross-validation and WAIC for Bayesian models},
    author = {Aki Vehtari and Jonah Gabry and Yuling Yao and Andrew Gelman},
    year = {2019},
    note = {R package version 2.1.0},
    url = {https://CRAN.R-project.org/package=loo},
  }

  @book{gelman2006data,
  title={Data analysis using regression and multilevel/hierarchical models},
  author={Gelman, Andrew and Hill, Jennifer},
  year={2006},
  publisher={{Cambridge University Press}}
}

@article{gelfand1996model,
  title={Model determination using sampling-based methods},
  author={Gelfand, Alan E},
  journal={Markov chain Monte Carlo in practice},
  pages={145--161},
  year={1996},
  publisher={Chapman and Hall, London}
}

@techreport{gelfand1992model,
  title={Model determination using predictive distributions with implementation via sampling-based methods},
  author={Gelfand, Alan E and Dey, Dipak K and Chang, Hong},
  year={1992},
  institution={Department of Statistics, Stanford University}
}

@article{watanabe2010asymptotic,
  title={Asymptotic equivalence of Bayes cross validation and widely applicable information criterion in singular learning theory},
  author={Watanabe, Sumio},
  journal={Journal of Machine Learning Research},
  volume={11},
  number={Dec},
  pages={3571--3594},
  year={2010}
}

@article{spiegelhalter2002bayesian,
  title={Bayesian measures of model complexity and fit},
  author={Spiegelhalter, David J and Best, Nicola G and Carlin, Bradley P and Van Der Linde, Angelika},
  journal={{Journal of the Royal Statistical Society: Series B (Statistical Methodology)}},
  volume={64},
  number={4},
  pages={583--639},
  year={2002},
  publisher={Wiley Online Library}
}

@misc{usgs,
  author = {{United States Geological Survey}},
  title = {{USGS Small-scale Dataset - 1:1,000,000-Scale Major Roads of the United States 201403 Shapefile}},
  year = 2014,
  howpublished ="\url{https://www.sciencebase.gov/catalog/item/581d052be4b08da350d524ce}",
  note = "[Online; accessed 20-September-2019]"
}