@misc{ata,
  author = {{American Trucking Associations}},
  title = {{ATA Releases Updated Driver Shortage Report and Forecast}},
  year = 2019,
  howpublished ="\url{https://www.trucking.org/article/ATA-Releases-Updated-Driver-Shortage-Report-and-Forecast}",
  note = "[Online; accessed 20-October-2019]"
}